<?xml version="1.0" encoding="utf-8"?>
<record xmlns="http://www.loc.gov/MARC21/slim" xmlns:xsi="http://www.w3.org/2001/XMLSchema-instance" xsi:schemaLocation="http://www.loc.gov/MARC21/slim http://www.loc.gov/standards/marcxml/schema/MARC21slim.xsd">
	<leader>     nam a22     Mi 4500</leader>
	<controlfield tag="001">1070350</controlfield>
	<controlfield tag="003">NjP</controlfield>
	<controlfield tag="006">m        d        </controlfield>
	<controlfield tag="007">cr cn |||m|||a</controlfield>
	<controlfield tag="008">210211q19001996ua      o     000 0 ara d</controlfield>
	<datafield ind1=" " ind2=" " tag="040">
		<subfield code="a">ZYU</subfield>
		<subfield code="b">ara</subfield>
		<subfield code="e">rda</subfield>
		<subfield code="c">ZYU</subfield>
	</datafield>
	<datafield ind1="1" ind2=" " tag="041">
		<subfield code="a">ara</subfield>
		<subfield code="a">eng</subfield>
		<subfield code="h">eng</subfield>
	</datafield>
	<datafield ind1="1" ind2="4" tag="050">
		<subfield code="a">BV2625</subfield>
		<subfield code="b">.G347 1900z</subfield>
	</datafield>
	<datafield ind1="1" ind2=" " tag="100">
		<subfield code="a">Gairdner, W. H. T.</subfield>
		<subfield code="q">(William Henry Temple),</subfield>
		<subfield code="d">1873-1928.</subfield>
	</datafield>
	<datafield ind1="1" ind2="0" tag="240">
		<subfield code="a">Changes in the character of the missionary problem.</subfield>
		<subfield code="l">Arabic &amp; English</subfield>
	</datafield>
	<datafield ind1="1" ind2="3" tag="245">
		<subfield code="6">880-01</subfield>
		<subfield code="a">al-Wathīqah al-Islām al-khaṭar! :</subfield>
		<subfield code="b">naṣṣ al-khiṭāb alladhī alqāhu W.H.T. Jāyirdnir fī muʼtamar Idinburah lil-tabshīr (al-tanṣīr) al-dawlī al-munʻaqid bi-al-Qāhirah ʻashīyat al-Sabt 18 Yūniyū 1910 M /</subfield>
		<subfield code="c">Maḥmūd al-Shādhilī.</subfield>
	</datafield>
	<datafield ind1=" " ind2=" " tag="260">
		<subfield code="6">880-02</subfield>
		<subfield code="a">[Cairo] :</subfield>
		<subfield code="b">Kitāb al-Mukhtār,</subfield>
		<subfield code="c">[19--]</subfield>
	</datafield>
	<datafield ind1=" " ind2=" " tag="300">
		<subfield code="a">online resource (36 pages, pages 251-264)</subfield>
	</datafield>
	<datafield ind1=" " ind2=" " tag="336">
		<subfield code="a">text</subfield>
		<subfield code="2">rdacontent</subfield>
	</datafield>
	<datafield ind1=" " ind2=" " tag="337">
		<subfield code="a">computer</subfield>
		<subfield code="2">rdamedia</subfield>
	</datafield>
	<datafield ind1=" " ind2=" " tag="338">
		<subfield code="a">online resource</subfield>
		<subfield code="2">rdacarrier</subfield>
	</datafield>
	<datafield ind1="1" ind2=" " tag="490">
		<subfield code="6">880-03</subfield>
		<subfield code="a">Naḥwa ṭalāʼiʻ Islāmīyah waʻīyah ;</subfield>
		<subfield code="v">29</subfield>
	</datafield>
	<datafield ind1=" " ind2=" " tag="500">
		<subfield code="a">Part of the Arabic Collections Online (ACO) project, contributed by Princeton University Libraries.</subfield>
	</datafield>
	<datafield ind1=" " ind2=" " tag="533">
		<subfield code="a">Electronic reproduction.</subfield>
		<subfield code="b">New York, N.Y. :</subfield>
		<subfield code="c">New York University,</subfield>
		<subfield code="d">2021.</subfield>
		<subfield code="5">NNU</subfield>
	</datafield>
	<datafield ind1=" " ind2=" " tag="546">
		<subfield code="a">In Arabic and English.</subfield>
	</datafield>
	<datafield ind1=" " ind2="0" tag="650">
		<subfield code="a">Missions to Muslims.</subfield>
	</datafield>
	<datafield ind1=" " ind2="7" tag="650">
		<subfield code="a">Missions to Muslims.</subfield>
		<subfield code="2">fast</subfield>
		<subfield code="0">(OCoLC)fst01023851</subfield>
	</datafield>
	<datafield ind1="2" ind2=" " tag="710">
		<subfield code="a">Princeton University.</subfield>
		<subfield code="b">Library.</subfield>
	</datafield>
	<datafield ind1="0" ind2=" " tag="730">
		<subfield code="a">Arabic Collections Online.</subfield>
	</datafield>
	<datafield ind1="0" ind2="8" tag="776">
		<subfield code="i">Print version:</subfield>
		<subfield code="a">Gairdner, W. H. T. (William Henry Temple), 1873-1928.</subfield>
		<subfield code="t">al-Wathīqah al-Islām al-khaṭar!</subfield>
		<subfield code="w">(NjP)1070350</subfield>
		<subfield code="w">(OCoLC)35143510</subfield>
	</datafield>
	<datafield ind1=" " ind2="0" tag="830">
		<subfield code="6">880-04</subfield>
		<subfield code="a">Naḥwa ṭalāʼiʻ Islāmīyah wāʻiyah ;</subfield>
		<subfield code="v">29.</subfield>
	</datafield>
	<datafield ind1="4" ind2="0" tag="856">
		<subfield code="u">http://hdl.handle.net/2333.1/kkwh79x3</subfield>
	</datafield>
	<datafield ind1="1" ind2="2" tag="880">
		<subfield code="6">245-01</subfield>
		<subfield code="a">الوثيقة الاسلام الخطر! :</subfield>
		<subfield code="b">نص الخطاب الذي القاه و.ه.ت. جايردنر في مؤتمر ادنبرة للتبشير (التنصير) الدولي المنعقد بالقاهرة عشية السبت 18 يونيوا 1910 م /</subfield>
		<subfield code="c">محمود الشاذلي.</subfield>
	</datafield>
	<datafield ind1=" " ind2=" " tag="880">
		<subfield code="6">260-02</subfield>
		<subfield code="a">[القاهرة] :</subfield>
		<subfield code="b">كتاب المختار،</subfield>
		<subfield code="c">[19--]</subfield>
	</datafield>
	<datafield ind1="1" ind2=" " tag="880">
		<subfield code="6">490-03</subfield>
		<subfield code="a">نحو طلائع اسلامية واعية ؛</subfield>
		<subfield code="v">29</subfield>
	</datafield>
	<datafield ind1=" " ind2="0" tag="880">
		<subfield code="6">830-04</subfield>
		<subfield code="a">نحو طلائع اسلامية واعية ؛</subfield>
		<subfield code="v">29.</subfield>
	</datafield>
	<datafield ind1=" " ind2=" " tag="959">
		<subfield code="a">NNU</subfield>
		<subfield code="b">WEB</subfield>
		<subfield code="c">GENI</subfield>
		<subfield code="t">0</subfield>
		<subfield code="m">Electronic access</subfield>
		<subfield code="s">01</subfield>
	</datafield>
	<datafield ind1=" " ind2=" " tag="999">
		<subfield code="i">NjP_1070350</subfield>
		<subfield code="o">(OCoLC)ocm35143510</subfield>
		<subfield code="s">princeton_aco004236:</subfield>
		<subfield code="e">(ERROR-880)</subfield>
		<subfield code="s">princeton_aco004236:</subfield>
	</datafield>
</record>
